% Encoding: UTF-8

@Misc{bookexample,
 title = {Фамилия И.О. Название книги. — Город издательства: <<Издательство>>, Год. — Количество страниц.}
}

@Misc{book_Python,
 title = {Бизли Д. - Python. Подробный справочник (4-е издание) — Санкт-Петербург: издательство Символ-Плюс, 2010. — 864.}
}

@Misc{book_Python_2,
 title = {Эл Свейгарт - УЧИМ PYTHON, ДЕЛАЯ КРУТЫЕ ИГРЫ — Москва: издательство Эксмо, 2022. — 416.}
}

@Misc{book_tkinter_games,
 title = {Г.Н.Гутман - Python. Библиотека Tkinter: графика, геометрия и логические игры на Питоне — Санкт-Петербург: издательство Символ-Плюс, 2021. — 261.}
}

@Misc{book5author,
  title = {Программирование на языке С++ в среде Qt Creator / Е.Р. Алексеев, Г.Г. Злобин, Д.А. и др. — М.: Альт Линукс, 2015. 448 с.}
}

@Misc{Python-tkinter,
 title = {Python [Электронный ресурс] Tkinter - Python interface to Tcl/Tk. Режим доступа: \href{https://docs.python.org/3/library/tkinter.html}{https://docs.python.org/3/library/tkinter.html}.},
 urldate = {2024-02-24}
}

@Misc{Python-tkinter_2,
 title = {Учебник по Tkinter в Python - основы, обзор виджетов с примерами. Режим доступа: \href{https://pythonpip.ru/osnovy/uchebnik-po-tkinter-v-python-rukovodstvo-i-primery}{https://pythonpip.ru/osnovy/uchebnik-po-tkinter-v-python-rukovodstvo-i-primery}.},
 urldate = {2024-02-24}
}

@Misc{Course-tkinter,
 title = {Полный курс по изучению Tkinter + Примеры. Режим доступа: \href{https://python-scripts.com/tkinter}{https://python-scripts.com/tkinter}.},
 urldate = {2024-02-24}
}

@Comment{jabref-meta: databaseType:biblatex;}
