% Encoding: UTF-8

@Misc{book-Python,
 title = {Бизли Д. - Python. Подробный справочник (4-е издание) — Санкт-Петербург: издательство "Символ-Плюс", 2010. — 864.}
}

@Misc{book-Python_2,
 title = {Эл Свейгарт - УЧИМ PYTHON, ДЕЛАЯ КРУТЫЕ ИГРЫ — Москва: издательство "Эксмо", 2022. — 416.}
}

@Misc{book-tkinter-games,
 title = {Г.Н.Гутман - Python. Библиотека Tkinter: графика, геометрия и логические игры на Питоне — Санкт-Петербург: издательство "Символ-Плюс", 2021. — 261.}
}

@Misc{book-math-mod,
 title = {Ю.Ю.Тарасевич - Математическое и компьютерное моделирование. Вводный курс — Санкт-Петербург: издательство 4-е, испр. - М.; Едиториал УРСС, 2004. — 152 с.}
}

@Misc{Python-tkinter,
 title = {Python [Электронный ресурс] Tkinter - Python interface to Tcl/Tk. Режим доступа: \href{https://docs.python.org/3/library/tkinter.html}{https://docs.python.org/3/library/tkinter.html}.},
 urldate = {2024-02-24}
}

@Misc{Python-tkinter_2,
 title = {Учебник по Tkinter в Python - основы, обзор виджетов с примерами. Режим доступа: \href{https://pythonpip.ru/osnovy/uchebnik-po-tkinter-v-python-rukovodstvo-i-primery}{https://pythonpip.ru/osnovy/uchebnik-po-tkinter-v-python-rukovodstvo-i-primery}.},
 urldate = {2024-02-24}
}

@Misc{Course-tkinter,
 title = {Полный курс по изучению Tkinter + Примеры. Режим доступа:
 \href{https://python-scripts.com/tkinter}{https://python-scripts.com/tkinter}.},
 urldate = {2024-02-24}
}

@Misc{tkinter-manual,
 title = {Руководство по программированию на Tkinter и Python. Режим доступа: \href{https://metanit.com/python/tkinter/}{https://metanit.com/python/tkinter/}.},
 urldate = {2024-03-06}
}

@Misc{geany,
 title = {Домашняя страница | Geany. Режим доступа: \href{https://www.geany.org/}{https://www.geany.org/}.},
 urldate = {2024-03-02}
}

@Misc{battle-city,
 title = {Battle City — Википедия. Режим доступа:\href{https://ru.wikipedia.org/wiki/Battle\_City}{https://ru.wikipedia.org/wiki/Battle\_City}.},
 urldate = {2024-03-02}
}

@Misc{game_dev,
 title = {Нистрем Р. - Паттерны игрового программирования — Москва: издательство "Эксмо", 2022. — 432.}
}

@Misc{game_struct_1,
 title = {Харольд Абельсон, Джеральд Джей Сассман - Структура и интерпретация компьютерных программ — Москва: издательство "Добросвет", 2006. — 576.}
}

@Misc{game_struct_2,
 title = {Такфилд Б. - Алгоритмы неформально. Инструкция для начинающих питонистов — Москва: издательство "Питер", 2022. — 272.}
}

@Misc{python_help,
 title = {Горелик М., Йен О. - Высокопроизводительные Python-приложения. Практическое руководство по эффективному программированию. — Москва: издательство "Бомбора", 2022. — 528.}
}

@Misc{python_programming,
 title = {Любанович Б. - Простой Python. Современный стиль программирования. — СПб.: Питер, 2016. — 480.}
}

@Misc{basic_tkinter,
 title = {Микки Нардо. Учебное пособие по Tkinter для новичков. Режим доступа:\href{https://russianlutheran.org/python/nardo/nardo.html}{https://russianlutheran.org/python/nardo/nardo.html}.},
 urldate = {2024-02-20}
}

@Comment{jabref-meta: databaseType:biblatex;}
